@inproceedings{ilse2020diva,
  title={Diva: Domain invariant variational autoencoders},
  author={Ilse, Maximilian and Tomczak, Jakub M and Louizos, Christos and Welling, Max},
  booktitle={Medical Imaging with Deep Learning},
  pages={322--348},
  year={2020},
  organization={PMLR}
}
@article{sun2021hierarchical,
  title={Hierarchical Variational Auto-Encoding for Unsupervised Domain Generalization},
  author={Sun, Xudong and Buettner, Florian},
  journal={arXiv preprint arXiv:2101.09436},
  year={2021}
}
@inproceedings{mahajan2021domain,
  title={Domain generalization using causal matching},
  author={Mahajan, Divyat and Tople, Shruti and Sharma, Amit},
  booktitle={International Conference on Machine Learning},
  pages={7313--7324},
  year={2021},
  organization={PMLR}
}
@inproceedings{akuzawa2020adversarial,
  title={Adversarial invariant feature learning with accuracy constraint for domain generalization},
  author={Akuzawa, Kei and Iwasawa, Yusuke and Matsuo, Yutaka},
  booktitle={Machine Learning and Knowledge Discovery in Databases: European Conference, ECML PKDD 2019, W{\"u}rzburg, Germany, September 16--20, 2019, Proceedings, Part II},
  pages={315--331},
  year={2020},
  organization={Springer}
}
@inproceedings{carlucci2019domain,
  title={Domain generalization by solving jigsaw puzzles},
  author={Carlucci, Fabio M and D'Innocente, Antonio and Bucci, Silvia and Caputo, Barbara and Tommasi, Tatiana},
  booktitle={Proceedings of the IEEE/CVF Conference on Computer Vision and Pattern Recognition},
  pages={2229--2238},
  year={2019}
}
@article{gulrajani2020search,
  title={In search of lost domain generalization},
  author={Gulrajani, Ishaan and Lopez-Paz, David},
  journal={arXiv preprint arXiv:2007.01434},
  year={2020}
}
@book{gamma1995design,
  title={Design patterns: elements of reusable object-oriented software},
  author={Gamma, Erich and Johnson, Ralph and Helm, Richard and Johnson, Ralph E and Vlissides, John},
  year={1995},
  publisher={Pearson Deutschland GmbH}
}
%Wang, Jindong, Cuiling Lan, Chang Liu, Yidong Ouyang, Tao Qin, Wang Lu, Yiqiang Chen, Wenjun Zeng, and Philip S. Yu. 2021. “Generalizing to Unseen Domains: A Survey on Domain Generalization.” arXiv [cs.LG]. arXiv. http://arxiv.org/abs/2103.03097.
%Zhou, Kaiyang, Ziwei Liu, Yu Qiao, Tao Xiang, and Chen Change Loy. 2022. “Domain Generalization: A Survey.” IEEE Transactions on Pattern Analysis and Machine Intelligence PP (August). https://doi.org/10.1109/TPAMI.2022.3195549.
