@article{ganin2016domain,
  title={Domain-adversarial training of neural networks},
  author={Ganin, Yaroslav and Ustinova, Evgeniya and Ajakan, Hana and Germain, Pascal and Larochelle, Hugo and Laviolette, Fran{\c{c}}ois and Marchand, Mario and Lempitsky, Victor},
  journal={The journal of machine learning research},
  volume={17},
  number={1},
  pages={2096--2030},
  year={2016},
  publisher={JMLR. org}
}
@inproceedings{rame2022fishr,
  title={Fishr: Invariant gradient variances for out-of-distribution generalization},
  author={Rame, Alexandre and Dancette, Corentin and Cord, Matthieu},
  booktitle={International Conference on Machine Learning},
  pages={18347--18377},
  year={2022},
  organization={PMLR}
}
@article{levi2021domain,
  title={Domain invariant adversarial learning},
  author={Levi, Matan and Attias, Idan and Kontorovich, Aryeh},
  journal={arXiv preprint arXiv:2104.00322},
  year={2021}
}

@inproceedings{ilse2020diva,
  title={Diva: Domain invariant variational autoencoders},
  author={Ilse, Maximilian and Tomczak, Jakub M and Louizos, Christos and Welling, Max},
  booktitle={Medical Imaging with Deep Learning},
  pages={322--348},
  year={2020},
  organization={PMLR}
}
@article{sun2021hierarchical,
  title={Hierarchical Variational Auto-Encoding for Unsupervised Domain Generalization},
  author={Sun, Xudong and Buettner, Florian},
  journal={ICLR 2021 RobustML, arXiv preprint arXiv:2101.09436},
  year={2021}
}
@inproceedings{mahajan2021domain,
  title={Domain generalization using causal matching},
  author={Mahajan, Divyat and Tople, Shruti and Sharma, Amit},
  booktitle={International Conference on Machine Learning},
  pages={7313--7324},
  year={2021},
  organization={PMLR}
}
@inproceedings{akuzawa2020adversarial,
  title={Adversarial invariant feature learning with accuracy constraint for domain generalization},
  author={Akuzawa, Kei and Iwasawa, Yusuke and Matsuo, Yutaka},
  booktitle={Machine Learning and Knowledge Discovery in Databases: European Conference, ECML PKDD 2019, W{\"u}rzburg, Germany, September 16--20, 2019, Proceedings, Part II},
  pages={315--331},
  year={2020},
  organization={Springer}
}
@inproceedings{carlucci2019domain,
  title={Domain generalization by solving jigsaw puzzles},
  author={Carlucci, Fabio M and D'Innocente, Antonio and Bucci, Silvia and Caputo, Barbara and Tommasi, Tatiana},
  booktitle={Proceedings of the IEEE/CVF Conference on Computer Vision and Pattern Recognition},
  pages={2229--2238},
  year={2019}
}
@article{gulrajani2020search,
  title={In search of lost domain generalization},
  author={Gulrajani, Ishaan and Lopez-Paz, David},
  journal={arXiv preprint arXiv:2007.01434},
  year={2020}
}
@book{gamma1995design,
  title={Design patterns: elements of reusable object-oriented software},
  author={Gamma, Erich and Johnson, Ralph and Helm, Richard and Johnson, Ralph E and Vlissides, John},
  year={1995},
  publisher={Pearson Deutschland GmbH}
}
@misc{dassl2022github,
  author = {Zhou and others},
  title = {DASSL},
  year = {2022},
  publisher = {GitHub},
  journal = {GitHub repository},
  howpublished = {\url{https://github.com/KaiyangZhou/Dassl.pytorch/commit/c61a1b570ac6333bd50fb5ae06aea59002fb20bb}},
}
@misc{domainbed2022github,
  author = {Lopezpaz, et.al.},
  title = {DomainBed},
  year = {2022},
  publisher = {GitHub},
  journal = {GitHub repository},
  howpublished = {\url{https://github.com/facebookresearch/DomainBed/commit/8f231f293470b46486182fbb19f3e2b05994de80}}
}
@article{zhou2021domain, % paper for dassl
  title={Domain generalization in vision: A survey},
  author={Zhou, Kaiyang and Liu, Ziwei and Qiao, Yu and Xiang, Tao and Loy, Chen Change},
  journal={arXiv preprint arXiv:2103.02503},
  year={2021}
}
@article{wang2022generalizing,
  title={Generalizing to unseen domains: A survey on domain generalization},
  author={Wang, Jindong and Lan, Cuiling and Liu, Chang and Ouyang, Yidong and Qin, Tao and Lu, Wang and Chen, Yiqiang and Zeng, Wenjun and Yu, Philip},
  journal={IEEE Transactions on Knowledge and Data Engineering},
  year={2022},
  publisher={IEEE}
}

@incollection{krizhevskyImageNetClassificationDeep2012,
  title = {{{ImageNet Classification}} with {{Deep Convolutional Neural Networks}}},
  booktitle = {Advances in {{Neural Information Processing Systems}} 25},
  author = {Krizhevsky, Alex and Sutskever, Ilya and Hinton, Geoffrey E},
  editor = {Pereira, F and Burges, C J C and Bottou, L and Weinberger, K Q},
  date = {2011},
  pages = {1097--1105},
  publisher = {{Curran Associates, Inc.}},
  url = {http://papers.nips.cc/paper/4824-imagenet-classification-with-deep-convolutional-neural-networks.pdf}
}
